<record><leader>00000cas a2200000 a 4500</leader><controlfield tag="001">52824360</controlfield><controlfield tag="008">030811d187418uunyuwr ne      0    0eng c</controlfield><datafield ind1=" " ind2=" " tag="010"><subfield code="a">sn2003060413</subfield></datafield><datafield ind1=" " ind2=" " tag="040"><subfield code="a">NYS</subfield><subfield code="b">eng</subfield><subfield code="c">NYS</subfield><subfield code="d">OCLCQ</subfield><subfield code="d">OCLCF</subfield><subfield code="d">OCLCO</subfield></datafield><datafield ind1="1" ind2=" " tag="029"><subfield code="a">AU@</subfield><subfield code="b">000024855087</subfield></datafield><datafield ind1=" " ind2=" " tag="042"><subfield code="a">pcc</subfield></datafield><datafield ind1=" " ind2=" " tag="043"><subfield code="a">n-us-ny</subfield></datafield><datafield ind1="0" ind2="0" tag="245"><subfield code="a">Westchester news and Katonah sentinel.</subfield></datafield><datafield ind1=" " ind2=" " tag="260"><subfield code="a">Katonah, N.Y. :</subfield><subfield code="b">Harry A. Fox,</subfield><subfield code="c">1874-</subfield></datafield><datafield ind1=" " ind2=" " tag="300"><subfield code="a">v. ;</subfield><subfield code="c">72 cm.</subfield></datafield><datafield ind1=" " ind2=" " tag="310"><subfield code="a">Weekly</subfield></datafield><datafield ind1="0" ind2=" " tag="362"><subfield code="a">Vol. 4, no. 1 (Jan. 31, 1874)-</subfield></datafield><datafield ind1=" " ind2=" " tag="500"><subfield code="a">"First of consolidated," Jan. 31, 1874.</subfield></datafield><datafield ind1=" " ind2=" " tag="580"><subfield code="a">Continues numbering of Westchester News.</subfield></datafield><datafield ind1=" " ind2="0" tag="651"><subfield code="a">Bedford (N.Y. : Town)</subfield><subfield code="v">Newspapers.</subfield></datafield><datafield ind1=" " ind2="0" tag="651"><subfield code="a">Katonah (N.Y.)</subfield><subfield code="v">Newspapers.</subfield></datafield><datafield ind1=" " ind2="0" tag="651"><subfield code="a">Westchester County (N.Y.)</subfield><subfield code="v">Newspapers.</subfield></datafield><datafield ind1=" " ind2="7" tag="655"><subfield code="a">Newspapers.</subfield><subfield code="2">fast</subfield><subfield code="0">(OCoLC)fst01423814</subfield></datafield><datafield ind1=" " ind2="7" tag="651"><subfield code="a">New York (State)</subfield><subfield code="z">Bedford (Town)</subfield><subfield code="2">fast</subfield><subfield code="0">(OCoLC)fst01337113</subfield></datafield><datafield ind1=" " ind2="7" tag="651"><subfield code="a">New York (State)</subfield><subfield code="z">Katonah.</subfield><subfield code="2">fast</subfield><subfield code="0">(OCoLC)fst01219502</subfield></datafield><datafield ind1=" " ind2="7" tag="651"><subfield code="a">New York (State)</subfield><subfield code="z">Westchester County.</subfield><subfield code="2">fast</subfield><subfield code="0">(OCoLC)fst01202684</subfield></datafield><datafield ind1=" " ind2=" " tag="752"><subfield code="a">United States</subfield><subfield code="b">New York</subfield><subfield code="c">Westchester</subfield><subfield code="d">Katonah.</subfield></datafield><datafield ind1="0" ind2="4" tag="780"><subfield code="t">Westchester news</subfield><subfield code="w">(DLC)sn 83031916</subfield><subfield code="w">(OCoLC)10047270</subfield></datafield></record>